<?xml version="1.0" encoding="UTF-8"?><collection xmlns="http://www.loc.gov/MARC21/slim"><record><leader>00753nam--2200193-u-4500</leader><controlfield tag="001">000053946</controlfield><controlfield tag="002">20161230</controlfield><controlfield tag="005">20161230201051</controlfield><controlfield tag="008">110725s1000------------r-----000-0-eng-d</controlfield><datafield ind1=" " ind2=" " tag="020"><subfield code="a">0854981055</subfield></datafield><datafield ind1=" " ind2=" " tag="040"><subfield code="a">IFIN-HH</subfield></datafield><datafield ind1=" " ind2=" " tag="080"><subfield code="a">537.311.322(061.3)</subfield></datafield><datafield ind1="1" ind2=" " tag="110"><subfield code="a">Institute Of Physics, England</subfield></datafield><datafield ind1="1" ind2="0" tag="245"><subfield code="a">Solid state devices, 1972</subfield><subfield code="b">Proccedings of the second european conference. solid state devices research conference (essiderc) organized by institute of physics on behalf of the european physical society and held at the university of lancaster 12-15 september 1972</subfield></datafield><datafield ind1=" " ind2=" " tag="260"><subfield code="a">London</subfield><subfield code="b">The Institute Of Physics</subfield><subfield code="c">1973</subfield></datafield><datafield ind1=" " ind2=" " tag="300"><subfield code="a">241P</subfield></datafield><datafield ind1=" " ind2=" " tag="490"><subfield code="a">Conference Series</subfield><subfield code="v">Number 15</subfield></datafield><datafield ind1=" " ind2=" " tag="852"><subfield code="a">45625</subfield><subfield code="c">537.311.33</subfield></datafield><datafield ind1=" " ind2=" " tag="CAT"><subfield code="a">Sys</subfield><subfield code="c">20110725</subfield><subfield code="h">115357</subfield></datafield></record></collection>